<record><leader>00000cas a22000007a 4500</leader><controlfield tag="001">34616895</controlfield><controlfield tag="008">960423d193619uucauuu ne      0    0eng d</controlfield><datafield ind1=" " ind2=" " tag="010"><subfield code="a">sn 96062806 </subfield></datafield><datafield ind1=" " ind2=" " tag="040"><subfield code="a">CNK</subfield><subfield code="b">eng</subfield><subfield code="c">CNK</subfield><subfield code="d">OCLCQ</subfield><subfield code="d">OCLCF</subfield><subfield code="d">OCLCO</subfield></datafield><datafield ind1="1" ind2=" " tag="029"><subfield code="a">AU@</subfield><subfield code="b">000025930333</subfield></datafield><datafield ind1=" " ind2=" " tag="042"><subfield code="a">msc</subfield></datafield><datafield ind1=" " ind2=" " tag="043"><subfield code="a">n-us-ca</subfield></datafield><datafield ind1="0" ind2="0" tag="245"><subfield code="a">Co. 2957 varieties.</subfield></datafield><datafield ind1="1" ind2="3" tag="246"><subfield code="a">Company 2947 varieties</subfield></datafield><datafield ind1=" " ind2=" " tag="260"><subfield code="a">Camp Cain Flat, Three Rivers, Calif. :</subfield><subfield code="b">Co. 2957 [Civilian Conservation Corps]</subfield></datafield><datafield ind1=" " ind2=" " tag="300"><subfield code="a">v.</subfield></datafield><datafield ind1="0" ind2=" " tag="362"><subfield code="a">No. 1 ([1936])-</subfield></datafield><datafield ind1=" " ind2="0" tag="651"><subfield code="a">Three Rivers (Calif.)</subfield><subfield code="v">Newspapers.</subfield></datafield><datafield ind1=" " ind2="7" tag="655"><subfield code="a">Newspapers.</subfield><subfield code="2">fast</subfield><subfield code="0">(OCoLC)fst01423814</subfield></datafield><datafield ind1=" " ind2="7" tag="651"><subfield code="a">California</subfield><subfield code="z">Three Rivers.</subfield><subfield code="2">fast</subfield><subfield code="0">(OCoLC)fst01274610</subfield></datafield><datafield ind1="2" ind2=" " tag="710"><subfield code="a">Civilian Conservation Corps (U.S.).</subfield><subfield code="b">Company 2957 (Three Rivers, Calif.)</subfield></datafield><datafield ind1=" " ind2=" " tag="752"><subfield code="a">United States</subfield><subfield code="b">California</subfield><subfield code="c">Tulare</subfield><subfield code="d">Three Rivers.</subfield></datafield></record>